@book {kumar.1997,
title = {Investigation of Silicon Auditory Models and Generalization of
         Linear Discriminant Analysis for improved Speech Recognition},
author = {Kumar, Nagendra},
year = {1997}
}

@book {burget.2004,
title = {Complementarity of Speech Recognition
Systems and System Combination},
author = {Burget, Luk\`as},
year = {2004}
}
